@misc{
    gcolab,
    title = {{Google Colaboratory}},
    note = {\url{https://colab.research.google.com/}}
}
@book{
    vklee,
    title={{Can the Measure $\bigcup^n [a_i, b_i]$ be Computed in Less than O(n*log(n)) Steps?}},
    author = {V. Klee},
    publisher = {Taylor and Francis, Ltd. on behalf of the Mathematical Association of America},
    year = {1977},
    }
@misc{
  vesna,
  title = {{Konstrukcija i analiza algoritama 2 \url{http://poincare.matf.bg.ac.rs/~vesnap/kaa2/kaa2.pdf}}},
  author = {Vesna Marinkovic},
  year = {2018}
}
